https://pdfs.semanticscholar.org/2735/672262940a23cfce8d4cc1e25c0191de7da7.pdf

